

@book{schaffar2013hierarchies,
  title={Hi{\'e}rarchies et croissances urbaines: Nouveaux regards sur les lois de Zipf et de Gibrat pour les villes},
  author={Schaffar, Alexandra},
  year={2013},
  publisher={Editions L'Harmattan},
  file={Biblio/DomainSpecific/UrbanGrowth/preview-9782296512900_A24228892.pdf}
}




@article{ning2022urban,
  title={Urban growth rates, trajectories, and multi-dimensional disparities in China},
  author={Ning, Ying and Liu, Shuguang and Zhao, Shuqing and Liu, Maochou and Gao, Haiqiang and Gong, Peng},
  journal={Cities},
  pages={103717},
  year={2022},
  publisher={Elsevier}
}


@misc{10.48550/arxiv.2111.08365,
  doi = {10.48550/ARXIV.2111.08365},

  url = {https://arxiv.org/abs/2111.08365},

  author = {Ribeiro, Fabiano L. and Rybski, Diego},

  keywords = {Physics and Society (physics.soc-ph), FOS: Physical sciences, FOS: Physical sciences},

  title = {Mathematical models to explain the origin of urban scaling laws: a synthetic review},

  publisher = {arXiv},

  year = {2021},

  copyright = {Creative Commons Attribution 4.0 International},
  file={Biblio/DomainSpecific/UrbanScaling/2111.08365.pdf}
}




@article{gabaix1999zipf,
  title={Zipf's law for cities: an explanation},
  author={Gabaix, Xavier},
  journal={The Quarterly journal of economics},
  volume={114},
  number={3},
  pages={739--767},
  year={1999},
  publisher={MIT Press}
}


@article{mitzenmacher2004brief,
  title={A brief history of generative models for power law and lognormal distributions},
  author={Mitzenmacher, Michael},
  journal={Internet mathematics},
  volume={1},
  number={2},
  pages={226--251},
  year={2004},
  publisher={Taylor \& Francis}
}


@incollection{gabaix2004evolution,
  title={The evolution of city size distributions},
  author={Gabaix, Xavier and Ioannides, Yannis M},
  booktitle={Handbook of regional and urban economics},
  volume={4},
  pages={2341--2378},
  year={2004},
  publisher={Elsevier}
}


@article{batty2008size,
  title={The size, scale, and shape of cities},
  author={Batty, Michael},
  journal={science},
  volume={319},
  number={5864},
  pages={769--771},
  year={2008},
  publisher={American Association for the Advancement of Science}
}



